%%%%%%%%%%%%%%%%
% Abstract %
%%%%%%%%%%%%%%%%
@article{bongomin2020exponential,
  title={Exponential disruptive technologies and the required skills of industry 4.0},
  author={Bongomin, Ocident and Gilibrays Ocen, Gilbert and Oyondi Nganyi, Eric and Musinguzi, Alex and Omara, Timothy},
  journal={Journal of Engineering},
  volume={2020},
  year={2020},
  publisher={Hindawi}
}

%%%%%%%%%%%%%%%%
% Introduction %
%%%%%%%%%%%%%%%%
@misc{pwc,
    author =       "PwC",
    title =        "The Essential Eight",
    year =         "2020",
    url =          "https://www.pwc.com/gx/en/issues/technology/essential-eight-technologies.html"
}


%%%%%%%%%%%%%%%%
%  Background  %
%%%%%%%%%%%%%%%%
@TechReport{solid,
  author      = "Sarven Capadisli and Tim Berners-Lee and Ruben Verborgh and Kjetil Kjernsmo and Justing Bingham and Dmitri Zagidulin",
  title       = "Solid Protocol",
  month       = oct,
  note        = "https://solidproject.org/TR/protocol",
  year        = "2021",
  type        = "{W3C} Editor's Draft",
  institution = "W3C",
}

@TechReport{wac,
  author      = "Sarven Capadisli",
  title       = "Web Access Control",
  month       = sep,
  note        = "https://solid.github.io/web-access-control-spec",
  year        = "2021",
  type        = "{W3C} Editor's Draft",
  institution = "W3C",
}

@TechReport{ldp,
  author      = "Steve Speicher and Ashok Malhotra and John Arwe",
  title       = "Linked Data Platform 1.0",
  month       = feb,
  note        = "https://www.w3.org/TR/2015/REC-ldp-20150226/",
  year        = "2015",
  bibsource   = "https://w2.syronex.com/jmr/w3c-biblio",
  type        = "{W3C} Recommendation",
  institution = "W3C",
}

@TechReport{turtle,
  author      = "Eric Prud'hommeaux and Gavin Carothers",
  title       = "{RDF} 1.1 Turtle",
  month       = feb,
  note        = "https://www.w3.org/TR/2014/REC-turtle-20140225/",
  year        = "2014",
  bibsource   = "https://w2.syronex.com/jmr/w3c-biblio",
  type        = "{W3C} Recommendation",
  institution = "W3C",
}

@TechReport{webid,
  author      = "Andrei Sambra and Henry Story and Tim Berners-Lee",
  title       = "WebID 1.0",
  month       = mar,
  note        = "https://www.w3.org/2005/Incubator/webid/spec/identity/",
  year        = "2014",
  type        = "{W3C} Editor's Draft",
  institution = "W3C",
}