@misc{wang2012java,
  title={Java Realization for Ciphertext-Policy Attribute-Based Encryption},
  author={Wang, Junwei},
  howpublished = {\url{https://github.com/junwei-wang/cpabe/}},
  year={2012}}
  
@misc{solid-diagram,
    title = {Solid server - Selected architectural diagrams v1.3.0},
    author = {Ruben Verborgh},
    howpublished = {\url{https://rubenverborgh.github.io/solid-server-architecture/solid-architecture-v1-3-0.pdf}},
    year = {2020},
    month = {aug}}