@article{privacy-unstructured-scoring,
    title = {An automated model to score the privacy of unstructured information-Social media case},
    journal = {Computers \& Security},
    volume = {92},
    pages = {101778},
    year = {2020},
    issn = {0167-4048},
    doi = {https://doi.org/10.1016/j.cose.2020.101778},
    url = {https://www.sciencedirect.com/science/article/pii/S0167404820300638},
    author = {Erfan Aghasian and Saurabh Garg and James Montgomery}}
    
@Article{privacy-preserving-unstructured,
    author={Mehta, Brijesh and Rao, Udai Pratap and Gupta, Ruchika and Conti, Mauro},
    title={Towards privacy preserving unstructured big data publishing},
    journal={Journal of Intelligent {\&} Fuzzy Systems},
    year={2019},
    publisher={IOS Press},
    volume={36},
    pages={3471-3482},
    issn={1875-8967},
    doi={10.3233/JIFS-181231},
    url={https://doi.org/10.3233/JIFS-181231}}

