@article{inrupt-seriesa,
    author  = {Manish Singh},
    year    = {2021},
    month   = {dec},
    title   = {Web creator Tim Berners-Lee's startup Inrupt raises \$30 million},
    journal = {TechCrunch},
    url     = {https://techcrunch.com/2021/12/09/tim-berners-lee-inrupt-fundraise/},
    urldate = {2021-15-12}}
 
@article{solid-flanders,
    author  = {Roland Legrand},
    year    = {2021},
    month   = {nov},
    title   = {Groen licht voor Vlaamse 'intelligente verkeerswisselaar van data'},
    journal = {De Tijd},
    url     = {https://www.tijd.be/de-tijd-vooruit/tech/Groen-licht-voor-Vlaams-Datanutsbedrijf-en-zelfbeheerde-identiteit/10349559},
    note = {In Dutch},
    key = {De Tijd},
    urldate = {2021-15-12}}
 
@article{solid-sweden,
    author  = {Roland Legrand},
    year    = {2021},
    month   = {nov},
    title   = {Digita exporteert Vlaamse technologie naar Zweden},
    journal = {De Tijd},
    url     = {https://www.tijd.be/de-tijd-vooruit/tech/digita-exporteert-vlaamse-technologie-naar-zweden/10349255.html},
    note = {In Dutch},
    key = {De Tijd},
    urldate = {2021-15-12}}
   
   
@article{mckinsey-privacy,
    author  = {Venky Anant and Lisa Donchak and James Kaplan and Henning Soller},
    year    = {2020},
    month   = {apr},
    title   = {The consumer-data opportunity and the privacy imperative},
    journal = {McKinsey},
    url     = {https://www.mckinsey.com/business-functions/risk-and-resilience/our-insights/the-consumer-data-opportunity-and-the-privacy-imperative},
    urldate = {2021-16-12}}