@inproceedings{macaroons,
    title	= {Macaroons: Cookies with Contextual Caveats for Decentralized Authorization in the Cloud},
    author	= {Arnar Birgisson and Joe Gibbs Politz and Ulfar Erlingsson and Ankur Taly and Michael Vrable and Mark Lentczner},
    year	= {2014},
    booktitle	= {Network and Distributed System Security Symposium}}