@article{gdpr,
  title   = {{EU} {GENERAL} {DATA} {PROTECTION} {REGULATION} ({GDPR}): {REGULATION} ({EU}) 2016/679 {OF} {THE} {EUROPEAN} {PARLIAMENT} {AND} {OF} {THE} {COUNCIL} of 27 April 2016 on the protection of natural persons with regard to the processing of personal data and on the free movement of such data, and repealing Directive 95/46/EC (General Data Protection Regulation)},
  journal = {Official Journal of the European Union 2016},
  year    = {2016},
  month   = {04},
  author  = {{European Commission}},
  volume  = {L 119/1},
  url = {https://eur-lex.europa.eu/eli/reg/2016/679/oj},
  issn = {1977-0677}}
  
@inproceedings{datasharing-implications,
    author = {Nelson, Gregory},
    year = {2015},
    month = {04},
    pages = {},
    title = {Practical Implications of Sharing Data: A Primer on Data Privacy, Anonymization, and De-Identification}}