@INPROCEEDINGS{cloudprotect,
  author={Diallo, Mamadou H. and Hore, Bijit and Chang, Ee-Chien and Mehrotra, Sharad and Venkatasubramanian, Nalini},
  booktitle={2012 IEEE Fifth International Conference on Cloud Computing}, 
  title={CloudProtect: Managing Data Privacy in Cloud Applications}, 
  year={2012},
  volume={},
  number={},
  pages={303-310},
  doi={10.1109/CLOUD.2012.122}}

@inproceedings{cryptdb,
    author = {Popa, Raluca and Redfield, Catherine and Zeldovich, Nickolai and Balakrishnan, Hari},
    year = {2011},
    month = {01},
    pages = {85-100},
    title = {CryptDB: Protecting confidentiality with encrypted query processing},
    journal = {SOSP'11 - Proceedings of the 23rd ACM Symposium on Operating Systems Principles},
    doi = {10.1145/2043556.2043566}}
    
@article{blindseer,
    author = {Pappas, Vasilis and Krell, Fernando and Vo, Binh and Kolesnikov, Vladimir and Malkin, Tal and Choi, Seung and George, Wesley and Keromytis, Angelos and Bellovin, Steve},
    year = {2014},
    month = {11},
    pages = {359-374},
    title = {Blind seer: A scalable private DBMS},
    journal = {Proceedings - IEEE Symposium on Security and Privacy},
    doi = {10.1109/SP.2014.30}}
    
@article{cryptdice,
    title = {CryptDICE: Distributed data protection system for secure cloud data storage and computation},
    journal = {Information Systems},
    volume = {96},
    pages = {101671},
    year = {2021},
    issn = {0306-4379},
    doi = {https://doi.org/10.1016/j.is.2020.101671},
    url = {https://www.sciencedirect.com/science/article/pii/S0306437920301289},
    author = {Ansar Rafique and Dimitri {Van Landuyt} and Emad {Heydari Beni} and Bert Lagaisse and Wouter Joosen}}
    
@inproceedings{datablinder,
    author = {Beni, Emad Heydari and Lagaisse, Bert and Joosen, Wouter and Aly, Abdelrahaman and Brackx, Michael},
    title = {DataBlinder: A Distributed Data Protection Middleware Supporting Search and Computation on Encrypted Data},
    year = {2019},
    isbn = {9781450370417},
    publisher = {Association for Computing Machinery},
    address = {New York, NY, USA},
    url = {https://doi-org.kuleuven.e-bronnen.be/10.1145/3366626.3368132},
    doi = {10.1145/3366626.3368132},
    booktitle = {Proceedings of the 20th International Middleware Conference Industrial Track},
    pages = {50-57},
    numpages = {8},
    keywords = {security and privacy, data protection, middleware},
    location = {Davis, CA, USA},
    series = {Middleware '19}}
    
@article{secure-mpc,
    author = {Lindell, Yehuda},
    title = {Secure Multiparty Computation},
    year = {2020},
    issue_date = {January 2021},
    publisher = {Association for Computing Machinery},
    address = {New York, NY, USA},
    volume = {64},
    number = {1},
    issn = {0001-0782},
    url = {https://doi-org.kuleuven.e-bronnen.be/10.1145/3387108},
    doi = {10.1145/3387108},
    abstract = {MPC has moved from theoretical study to real-world usage. How is it doing?},
    journal = {Commun. ACM},
    month = dec,
    pages = {86â€“96},
    numpages = {11}}
    
@inproceedings{privacy-design-strategies,
    author = {Hoepman, Jaap-Henk},
    year = {2012},
    month = {10},
    pages = {},
    title = {Privacy Design Strategies},
    isbn = {978-3-642-55414-8},
    doi = {10.1007/978-3-642-55415-5_38}}
    
@inproceedings{privacy-history,
    author = {Holvast, Jan},
    year = {2009},
    month = {07},
    pages = {13-42},
    title = {History of Privacy},
    volume = {298},
    isbn = {9780444516084},
    journal = {The History of Information Security},
    doi = {10.1007/978-3-642-03315-5_2}}
    
@book{pets-handbook,
    author = {Borking, John and Verhaar, P. and Eck, B.M.A. and Siepel, P. and Blarkom, G.W. and Coolen, R. and Uyl, M. and Holleman, J. and Bison, P. and Veer, R. and Giezen, J. and Patrick, Andrew and Holmes, C. and Lubbe, J.C.A. and Lachman, Roy and Kenny, S. and Song, Randy and Cartrysse, K. and Huizenga, J. and Zhou, X.},
    year = {2003},
    month = {11},
    pages = {},
    title = {Handbook of Privacy and Privacy-Enhancing Technologies The case of Intelligent Software Agents},
    isbn = {ISBN 90 74087 33 7},
    doi = {10.13140/2.1.4888.7688}}
    
@misc{internet-report,
  title={The Mobile Internet Phenomena Report},
  author={Sandvine},
  howpublished={\url{https://www.sandvine.com/hubfs/Sandvine_Redesign_2019/Downloads/2021/Phenomena/MIPR\%20Q1\%202021\%2020210510.pdf}},
  month={May},
  year={2021}}