@TechReport{solid,
    author      = "Sarven Capadisli and Tim Berners-Lee and Ruben Verborgh and Kjetil Kjernsmo and Justing Bingham and Dmitri Zagidulin",
    title       = "Solid Protocol",
    month       = oct,
    url        = "https://solidproject.org/TR/protocol",
    year        = "2021",
    type        = "{W3C} Editor's Draft",
    institution = "W3C",}

@TechReport{wac,
    author      = "Sarven Capadisli",
    title       = "Web Access Control",
    month       = sep,
    url        = "https://solid.github.io/web-access-control-spec",
    year        = "2021",
    type        = "{W3C} Editor's Draft",
    institution = "W3C",}

@TechReport{ldp,
    author      = "Steve Speicher and Ashok Malhotra and John Arwe",
    title       = "Linked Data Platform 1.0",
    month       = feb,
    url        = "https://www.w3.org/TR/2015/REC-ldp-20150226/",
    year        = "2015",
    bibsource   = "https://w2.syronex.com/jmr/w3c-biblio",
    type        = "{W3C} Recommendation",
    institution = "W3C",}

@TechReport{turtle,
    author      = "Eric Prud'hommeaux and Gavin Carothers",
    title       = "{RDF} 1.1 Turtle",
    month       = feb,
    url        = "https://www.w3.org/TR/2014/REC-turtle-20140225/",
    year        = "2014",
    bibsource   = "https://w2.syronex.com/jmr/w3c-biblio",
    type        = "{W3C} Recommendation",
    institution = "W3C",}

@TechReport{webid,
    author      = "Andrei Sambra and Henry Story and Tim Berners-Lee",
    title       = "WebID 1.0",
    month       = mar,
    url        = "https://www.w3.org/2005/Incubator/webid/spec/identity/",
    year        = "2014",
    type        = "{W3C} Editor's Draft",
    institution = "W3C",}

@article{semantic-web,
    ISSN = {00368733, 19467087},
    URL = {http://www.jstor.org/stable/26059207},
    author = {Tim Berners-Lee and James Hendler and Ora Lassila},
    journal = {Scientific American},
    number = {5},
    pages = {34--43},
    publisher = {Scientific American, a division of Nature America, Inc.},
    title = {THE SEMANTIC WEB},
    volume = {284},
    year = {2001}}

@TechReport{ldp-primer,
    author      = "Nandana Mihindukulasooriya and Roger Menday",
    title       = "Linked Data Platform 1.0 Primer",
    month       = apr,
    url        = "https://www.w3.org/TR/2015/NOTE-ldp-primer-20150423/",
    year        = "2015",
    bibsource   = "https://w2.syronex.com/jmr/w3c-biblio",
    type        = "{W3C} Note",
    institution = "W3C",}
    
@TechReport{jsonld,
    author      = "Pierre-Antoine Champin and Gregg Kellogg and Dave Longley",
    title       = "{JSON}-LD {1.1}",
    month       = jul,
    note        = "https://www.w3.org/TR/2020/REC-json-ld11-20200716/",
    year        = "2020",
    bibsource   = "https://w2.syronex.com/jmr/w3c-biblio",
    type        = "{W3C} Recommendation",
    institution = "W3C",}
  
@inproceedings{generating-pva,
    title={Generating Personalized Virtual Agent in Speech Dialogue System for People with Dementia},
    author={Shota Nakatani and Sachio Saiki and Masahide Nakamura and Kiyoshi Yasuda},
    booktitle={HCI},
    year={2018},
    URL = {http://www27.cs.kobe-u.ac.jp/achieve/data/pdf/1285.pdf}}
 